@article{peiEtaAl21,
      title={Neural Latents Benchmark'21: Evaluating latent variable models of
          neural population activity},
      author={Pei, Felix and Ye, Joel and Zoltowski, David and Wu, Anqi and
            Chowdhury, Raeed H and Sohn, Hansem and O'Doherty, Joseph E and
                Shenoy, Krishna V and Kaufman, Matthew T and Churchland, Mark
                and others},
      journal={arXiv preprint arXiv:2109.04463},
      year={2021}
}

@article{yuEtAl09,
  title={Gaussian-process factor analysis for low-dimensional single-trial analysis of neural population activity},
  author={Yu, Byron M and Cunningham, John P and Santhanam, Gopal and Ryu, Stephen I and Shenoy, Krishna V and Sahani, Maneesh},
  journal={Journal of neurophysiology},
  volume={102},
  number={1},
  pages={614--635},
  year={2009},
  publisher={American Physiological Society}
}

@article{zhaoAndPark17,
  title={Variational latent gaussian process for recovering single-trial dynamics from population spike trains},
  author={Zhao, Yuan and Park, Il Memming},
  journal={Neural computation},
  volume={29},
  number={5},
  pages={1293--1316},
  year={2017},
  publisher={MIT Press}
}

@inproceedings{dunckerAndSahani18,
  title={Temporal alignment and latent Gaussian process factor inference in population spike trains},
  author={Duncker, Lea and Sahani, Maneesh},
  booktitle={Advances in Neural Information Processing Systems},
  pages={10445--10455},
  year={2018}
}

@misc{dunckerAndSahani18supplementary,
  title={Supplementary material: Temporal alignment and latent Gaussian process factor inference in population spike trains},
  author={Duncker, Lea and Sahani, Maneesh},
  booktitle={Advances in Neural Information Processing Systems},
  pages={1--4},
  year={2018},
}
