
@ARTICLE(omurtagEtAl00,
    AUTHOR      = {A. Omurtag and B.W. Knight and L. Sirovich},
    TITLE       = {On the simulation of large populations of neurons},
    JOURNAL     = {Journal of Computational Neuroscience},
    VOLUME      = {8},
    PAGES       = {51-63},
    YEAR        = {2000}
    )

@ARTICLE(knight00,
    AUTHOR      = {B.W. Knight},
    TITLE       = {Dynamics of encoding in neuron populations: some general
mathematical features},
    JOURNAL     = {Neural Computation},
    VOLUME      = {12},
    PAGES       = {473-518},
    YEAR        = {2000}
    )

@ARTICLE(haskellEtAl01,
    AUTHOR      = {E. Haskell and D.Q. Nykamp and D. Tranchina},
    TITLE       = {Population density methods for large-scale modelling of
neuronal networks with realistic synaptic kinetics: cutting the dimmension down
to size},
    JOURNAL     = {Network: Computation in Neural Systems},
    VOLUME      = {12},
    PAGES       = {141-174},
    YEAR        = {2001}
    )

@ARTICLE(decoEtAl08,
    AUTHOR      = {G. Deco and V.K. Jirsa and P.A. Robinson and M. Breakspear and K.  Friston},
    TITLE       = {The dynamic brain: from spiking neurons to neural masses and cortical fields},
    JOURNAL     = {PLoS Computational Biology},
    VOLUME      = {4},
    NUMBER      = {8},
    PAGES       = {1-35},
    YEAR        = {2008}
    )

@ARTICLE(bresslerAndKelso01,
    AUTHOR      = {S.L. Bressler and J.A.S Kelso},
    TITLE       = {Cortical coordination and cognition},
    JOURNAL     = {Trends in Cognitive Sciences},
    VOLUME      = {5},
    NUMBER      = {1},
    PAGES       = {26-36},
    YEAR        = {2001}
    )

@ARTICLE(bresslerAndMenon10,
    AUTHOR      = {S.L. Bressler and V. Menon},
    TITLE       = {Large-scale brain networks in cognition: emergin methods and
principles},
    JOURNAL     = {Trends in Cognitive Sciences},
    VOLUME      = {14},
    NUMBER      = {6},
    PAGES       = {277-290},
    YEAR        = {2010}
    )

@ARTICLE(jansenAndRit95,
    AUTHOR      = {B.H. Jansen and V.G. Rit},
    TITLE       = {Electroencephalogram and visual evoked potential generation in a mathematical model of coupled cortical columns},
    JOURNAL     = {Biological Cybernetics},
    VOLUME      = {73},
    PAGES       = {357-366},
    YEAR        = {1995}
    )

@MISC(rapelaEtAlInPrepEDMs,
    AUTHOR      = {Joaqu\'{i}n Rapela and Peter F. Rowat and Mark Kostuk and Tim Mullen and Edward F. Chang and Kristofer E.  Bouchard},
    TITLE       = {Modeling neural activity at the ensemble level},
    YEAR        = {2015},
    URL        = {http://arxiv.org/abs/1505.00041}
    )

@INPROCEEDINGS(rapelaEtAl14,
    AUTHOR          = {J. Rapela and M. Kostuk and P.F. Rowat and T. Mullen and K.E.  Bouchard and E.F. Chang},
    TITLE           = {Characterizing Neural Activity at the Ensemble Level},
    BOOKTITLE       = {2014 IEEE EMBS Brain Grand Challenges Conference},
    URL            = {http://sccn.ucsd.edu/~rapela/cbam/brainGrandChallenges14.pdf},
    YEAR            = {2014}
    )

@ARTICLE(mazzoniEtAl08,
    AUTHOR      = {Mazzoni, A. and Panzeri, S. and Logothetis, N.K. and Brunel, N.},
    TITLE       = {Encoding of naturalistic stimuli by local field potential
    spectra in networks of excitatory and inhibitory neurons},
    JOURNAL     = {PLoS Computational Biology},
    VOLUME      = {4},
    NUMBER      = {12},
    PAGES       = {e1000239},
    YEAR        = {2008},
    PUBLISHER   = {Public Library of Science}
    )

@ARTICLE(barbieriEtAl14,
    AUTHOR      = {Barbieri, F. and Mazzoni, A. and Logothetis, N.K. and Panzeri, S. and Brunel, N.},
    TITLE       = {Stimulus Dependence of Local Field Potential Spectra:
    Experiment versus Theory},
    JOURNAL     = {The Journal of Neuroscience},
    VOLUME      = {34},
    NUMBER      = {44},
    PAGES       = {14589-14605},
    YEAR        = {2014},
    PUBLISHER   = {Soc Neuroscience}
    )

@BOOK(freeman75,
    AUTHOR      = {Freeman, W.J.},
    TITLE       = {Mass Action in the Nervous System},
    PUBLISHER   = {Academic Press},
    ADDRESS     = {New York, NJ},
    YEAR        = {1975}
    )

@ARTICLE(freeman79,
    AUTHOR      = {Freeman, W.J.},
    TITLE       = {Non-linear dynamics of paleocortex manifested in the olfactory {EEG}},
    JOURNAL     = {Biological Cybernetics},
    VOLUME      = {35},
    NUMBER      = {1},
    PAGES       = {21-37},
    YEAR        = {1979},
    PUBLISHER   = {Springer}
    )

@INCOLLECTION(freeman86,
    AUTHOR      = {Freeman, W.J.},
    TITLE       = {Analytical techniques used in search for the physiological basis of {EEG}},
    BOOKTITLE   = {Handbook of Electroencephalography and Clinical Neurophysiology: Methods of Analysis of Brain Electrical and Magnetic Signals},
    PUBLISHER   = {Elsevier},
    EDITOR      = {Gevins, A. and Remond, A.},
    PAGES       = {583-664},
    ADDRESS     = {Amsterdam},
    YEAR        = {1986}
    )

