@article{abeEtAl22,
  title={Neuroscience Cloud Analysis As a Service: An open-source platform for scalable, reproducible data analysis},
  author={Abe, Taiga and Kinsella, Ian and Saxena, Shreya and Buchanan, E Kelly and Couto, Joao and Briggs, John and Kitt, Sian Lee and Glassman, Ryan and Zhou, John and Paninski, Liam and others},
  journal={Neuron},
  volume={110},
  number={17},
  pages={2771--2789},
  year={2022},
  publisher={Elsevier}
}
