@misc{juavinett22,
    author={Ashley Juavinett},
    title={In Foraging Tasks, New Opportunities to Study the Brainâ€™s Complexity},
    year={2022},
    howpublished={\url{https://www.simonsfoundation.org/2022/02/23/in-foraging-tasks-new-opportunities-to-study-the-brains-complexity/}},
}
