
@inproceedings{dunckerAndSahani18,
  title={Temporal alignment and latent Gaussian process factor inference in population spike trains},
  author={Duncker, Lea and Sahani, Maneesh},
  booktitle={Advances in Neural Information Processing Systems},
  pages={10445--10455},
  year={2018}
}

@misc{dunckerAndSahani18supplementary,
  title={Supplementary material: Temporal alignment and latent Gaussian process factor inference in population spike trains},
  author={Duncker, Lea and Sahani, Maneesh},
  booktitle={Advances in Neural Information Processing Systems},
  pages={1--4},
  year={2018},
}
